@article{McCarthy2004,
  title={Active adaptive management for conservation},
  author={McCarthy, Michael A and Possingham, Hugh P},
  journal={Conservation Biology},
  volume={18},
  number={2},
  pages={534--541},
  year={2004},
  publisher={Wiley Online Library}
}

@article{garza2023timegpt,
  title={TimeGPT-1},
  author={Garza, Azul and Challu, Cristian and Mergenthaler-Canseco, Max},
  journal={arXiv preprint arXiv:2310.03589},
  year={2023}
}

@article{chiuso2019system,
  title     = {System identification: A machine learning perspective},
  author    = {Chiuso, Alessandro and Pillonetto, Gianluigi},
  journal   = {Annual Review of Control, Robotics, and Autonomous Systems},
  volume    = {2},
  number    = {1},
  pages     = {281--304},
  year      = {2019},
  publisher = {Annual Reviews}
}

@article{franks2002npz,
  title     = {NPZ models of plankton dynamics: their construction, coupling to physics, and application},
  author    = {Franks, Peter JS},
  journal   = {Journal of Oceanography},
  volume    = {58},
  number    = {2},
  pages     = {379--387},
  year      = {2002},
  publisher = {Springer}
}


@article{blazek2024automated,
  title     = {Automated discovery of algorithms from data},
  author    = {Blazek, Paul J and Venkatesh, Kesavan and Lin, Milo M},
  journal   = {Nature Computational Science},
  volume    = {4},
  number    = {2},
  pages     = {110--118},
  year      = {2024},
  publisher = {Nature Publishing Group US New York}
}



@article{willard2022integrating,
  title     = {Integrating scientific knowledge with machine learning for engineering and environmental systems},
  author    = {Willard, Jared and Jia, Xiaowei and Xu, Shaoming and Steinbach, Michael and Kumar, Vipin},
  journal   = {ACM Computing Surveys},
  volume    = {55},
  number    = {4},
  pages     = {1--37},
  year      = {2022},
  publisher = {ACM New York, NY}
}

@article{wills2024use,
  title     = {The use of generative AI for coding in academia},
  author    = {Wills, Simon and Poon, Sanson TS and Salili-James, Arianna and Scott, Ben},
  journal   = {Methods in Ecology and Evolution},
  volume    = {15},
  number    = {12},
  pages     = {2189--2191},
  year      = {2024},
  publisher = {Wiley Online Library}
}


@article{mammides2024role,
  title     = {The role of large language models in interdisciplinary research: Opportunities, challenges and ways forward},
  author    = {Mammides, Christos and Papadopoulos, Harris},
  journal   = {Methods in Ecology and Evolution},
  volume    = {15},
  number    = {10},
  pages     = {1774--1776},
  year      = {2024},
  publisher = {Wiley Online Library}
}


@article{auger2021guide,
  title     = {A guide to state--space modeling of ecological time series},
  author    = {Auger-M{\'e}th{\'e}, Marie and Newman, Ken and Cole, Diana and Empacher, Fanny and Gryba, Rowenna and King, Aaron A and Leos-Barajas, Vianey and Mills Flemming, Joanna and Nielsen, Anders and Petris, Giovanni and others},
  journal   = {Ecological Monographs},
  volume    = {91},
  number    = {4},
  pages     = {e01470},
  year      = {2021},
  publisher = {Wiley Online Library}
}

@article{ellner2002fitting,
  title     = {Fitting population dynamic models to time-series data by gradient matching},
  author    = {Ellner, Stephen P and Seifu, Yodit and Smith, Robert H},
  journal   = {Ecology},
  volume    = {83},
  number    = {8},
  pages     = {2256--2270},
  year      = {2002},
  publisher = {Wiley Online Library}
}

@article{munch2023recent,
  title     = {Recent developments in empirical dynamic modelling},
  author    = {Munch, Stephan B and Rogers, Tanya L and Sugihara, George},
  journal   = {Methods in Ecology and Evolution},
  volume    = {14},
  number    = {3},
  pages     = {732--745},
  year      = {2023},
  publisher = {Wiley Online Library}
}

@article{Czaika2017,
  title={Model use in sustainability policy making: An experimental study},
  author={Czaika, Ellen and Selin, Noelle E},
  journal={Environmental Modelling \& Software},
  volume={98},
  pages={54--62},
  year={2017},
  publisher={Elsevier}
}

@article{cao2023tempo,
  title={Tempo: Prompt-based generative pre-trained transformer for time series forecasting},
  author={Cao, Defu and Jia, Furong and Arik, Sercan O and Pfister, Tomas and Zheng, Yixiang and Ye, Wen and Liu, Yan},
  journal={arXiv preprint arXiv:2310.04948},
  year={2023}
}

@article{patterson2001estimating,
  title={Estimating uncertainty in fish stock assessment and forecasting},
  author={Patterson, Kenneth and Cook, Robin and Darby, Chris and Gavaris, Stratis and Kell, Laurence and Lewy, Peter and Mesnil, Beno{\^\i}t and Punt, Andr{\'e} and Restrepo, Victor and Skagen, Dankert W and others},
  journal={Fish and fisheries},
  volume={2},
  number={2},
  pages={125--157},
  year={2001},
  publisher={Wiley Online Library}
}


@article{boschetti2010detecting,
  title={Detecting behaviours in ecological models},
  author={Boschetti, Fabio},
  journal={Ecological Complexity},
  volume={7},
  number={1},
  pages={76--85},
  year={2010},
  publisher={Elsevier}
}

@article{boschetti2008mapping,
  title={Mapping the complexity of ecological models},
  author={Boschetti, Fabio},
  journal={Ecological Complexity},
  volume={5},
  number={1},
  pages={37--47},
  year={2008},
  publisher={Elsevier}
}

@article{kristensen2014tmb,
  title={{TMB}: General random effect model builder tool inspired by {ADMB}},
  author={Kristensen, K},
  journal={R package version},
  volume={1},
  year={2014}
}

@article{gougherty2024testing,
  title     = {Testing the reliability of an AI-based large language model to extract ecological information from the scientific literature},
  author    = {Gougherty, Andrew V and Clipp, Hannah L},
  journal   = {npj Biodiversity},
  volume    = {3},
  number    = {1},
  pages     = {13},
  year      = {2024},
  publisher = {Nature Publishing Group UK London}
}

@misc{cheng2025llm,
  title         = {LLM-based Evaluation Policy Extraction for Ecological Modeling},
  author        = {Qi Cheng and Licheng Liu and Qing Zhu and Runlong Yu and Zhenong Jin and Yiqun Xie and Xiaowei Jia},
  year          = {2025},
  eprint        = {2505.13794},
  archiveprefix = {arXiv},
  primaryclass  = {cs.AI},
  url           = {https://arxiv.org/abs/2505.13794}
}

@article{edwards1999zooplankton,
  title={Zooplankton mortality and the dynamical behaviour of plankton population models},
  author={Edwards, Andrew M and Brindley, John},
  journal={Bulletin of mathematical biology},
  volume={61},
  number={2},
  pages={303--339},
  year={1999},
  publisher={Elsevier}
}

@article{Blamey_Plaganyi_Branch_2014,
  title={Was overfishing of predatory fish responsible for a lobster-induced regime shift in the {B}enguela?},
  volume={273},
  ISSN={03043800},
  DOI={10.1016/j.ecolmodel.2013.11.004},
  journal={Ecological Modelling},
  author={Blamey, Laura K and Plag\'anyi, \'Eva E and Branch, George M},
  year={2014},
  month=feb,
  pages={140--150}
}

@article{Collie_Botsford_Hastings_Kaplan_Largier_Livingston_Plaganyi_Rose_Wells_Werner_2016,
  title={Ecosystem models for fisheries management: finding the sweet spot},
  volume={17},
  ISSN={1467-2960},
  DOI={10.1111/faf.12093},
  journal={Fish and Fisheries},
  author={Collie, Jeremy S and Botsford, Louis W and Hastings, Alan and Kaplan, Isaac C and Largier, John L and Livingston, Patricia A and Plag\'anyi, \'Eva and Rose, Kenneth A and Wells, Brian K and Werner, Francisco E},
  year={2016},
  month=mar,
  pages={101--125}
}

@article{Condie_Anthony_Babcock_Baird_Beeden_Fletcher_Gorton_Harrison_Hobday_Plaganyi_et_al_2021,
  title={Large-scale interventions may delay decline of the {G}reat {B}arrier {R}eef},
  volume={8},
  ISSN={2054-5703},
  DOI={10.1098/rsos.201296},
  journal={Royal Society Open Science},
  author={Condie, Scott A and Anthony, Kenneth R N and Babcock, Russ C and Baird, Mark E and Beeden, Roger and Fletcher, Cameron S and Gorton, Rebecca and Harrison, Daniel and Hobday, Alistair J and Plag\'anyi, \'Eva E and Westcott, David A},
  year={2021},
  month=apr,
  pages={201296}
}

@article{Essington_Plaganyi_2014,
  title={Pitfalls and guidelines for ``recycling'' models for ecosystem-based fisheries management: evaluating model suitability for forage fish fisheries},
  volume={71},
  ISSN={1054-3139},
  DOI={10.1093/icesjms/fst047},
  journal={ICES Journal of Marine Science},
  author={Essington, Timothy E and Plag\'anyi, \'Eva E},
  year={2014},
  month=jan,
  pages={118--127}
}

@article{Gamble_Link_2009,
  title={Analyzing the tradeoffs among ecological and fishing effects on an example fish community: {A} multispecies (fisheries) production model},
  volume={220},
  ISSN={03043800},
  DOI={10.1016/j.ecolmodel.2009.06.022},
  journal={Ecological Modelling},
  author={Gamble, Robert J and Link, Jason S},
  year={2009},
  month=oct,
  pages={2570--2582}
}

@article{Hadley_Wild-Allen_Johnson_Macleod_2015,
  title={Modeling macroalgae growth and nutrient dynamics for integrated multi-trophic aquaculture},
  volume={27},
  ISSN={0921-8971},
  DOI={10.1007/s10811-014-0370-y},
  journal={Journal of Applied Phycology},
  author={Hadley, Scott and Wild-Allen, Karen and Johnson, Craig and Macleod, Catriona},
  year={2015},
  month=apr,
  pages={901--916}
}

@misc{malhi2020climate,
  title={Climate change and ecosystems: threats, opportunities and solutions},
  author={Malhi, Yadvinder and Franklin, Janet and Seddon, Nathalie and Solan, Martin and Turner, Monica G and Field, Christopher B and Knowlton, Nancy},
  journal={Philosophical Transactions of the Royal Society B},
  volume={375},
  number={1794},
  pages={20190104},
  year={2020},
  publisher={The Royal Society}
}

@misc{Chroma2024,
  title={Chroma - The AI-Native Open-source Embedding Database},
  author={{Chroma}},
  year={2024},
  url={https://docs.trychroma.com/docs/overview/introduction},
  note={Accessed: 2024}
}

@misc{semantic_scholar_api,
  title = {Semantic Scholar Academic Graph API},
  author = {{Allen Institute for AI}},
  year = {2024},
  url = {https://api.semanticscholar.org/},
}

@misc{serper_api,
  title = {Serper Search API},
  author = {{Serper}},
  year = {2024},
  url = {https://serper.dev/},
}

@article{li2024lite,
  title={{LITE}: {M}odeling {E}nvironmental {E}cosystems with {M}ultimodal {L}arge {L}anguage {M}odels},
  author={Li, Haoran and Liu, Junqi and Wang, Zexian and Luo, Shiyuan and Jia, Xiaowei and Yao, Huaxiu},
  journal={arXiv preprint arXiv:2404.01165},
  year={2024}
}

@article{Huntingford_Nicoll_Klein_Ahmad_2024,
  title={Potential for {E}quation {D}iscovery with {AI} in the {C}limate {S}ciences},
  DOI={10.5194/esd-2024-30},
  author={Huntingford, Chris and Nicoll, Andrew J and Klein, Cornelia and Ahmad, Jawairia A},
  year={2024},
  month=sep
}

@article{chasco2021differential,
  title={Differential impacts of freshwater and marine covariates on wild and hatchery Chinook salmon marine survival},
  author={Chasco, Brandon and Burke, Brian and Crozier, Lisa and Zabel, Rich},
  journal={PLoS One},
  volume={16},
  number={2},
  pages={e0246659},
  year={2021},
  publisher={Public Library of Science San Francisco, CA USA}
}

@article{auger2017spatiotemporal,
  title={Spatiotemporal modelling of marine movement data using Template Model Builder (TMB)},
  author={Auger-M{\'e}th{\'e}, Marie and Albertsen, Christoffer M and Jonsen, Ian D and Derocher, Andrew E and Lidgard, Damian C and Studholme, Katharine R and Bowen, W Don and Crossin, Glenn T and Flemming, Joanna Mills},
  journal={Marine Ecology Progress Series},
  volume={565},
  pages={237--249},
  year={2017}
}

@misc{albertsen2015fast,
  title={Fast fitting of non-Gaussian state-space models to animal movement data via Template Model Builder},
  author={Albertsen, Christoffer Moesgaard and Whoriskey, Kim and Yurkowski, David and Nielsen, Anders and Flemming, Joanna Mills},
  year={2015},
  publisher={Wiley Online Library}
}

@article{weiskopf2020climate,
  title={Climate change effects on biodiversity, ecosystems, ecosystem services, and natural resource management in the United States},
  author={Weiskopf, Sarah R and Rubenstein, Madeleine A and Crozier, Lisa G and Gaichas, Sarah and Griffis, Roger and Halofsky, Jessica E and Hyde, Kimberly JW and Morelli, Toni Lyn and Morisette, Jeffrey T and Mu{\~n}oz, Roldan C and others},
  journal={Science of the Total Environment},
  volume={733},
  pages={137782},
  year={2020},
  publisher={Elsevier}
}

@article{kramer2023automated,
  title={Automated scientific discovery: from equation discovery to autonomous discovery systems},
  author={Kramer, Stefan and Cerrato, Mattia and D\v{z}eroski, Sa\v{s}o and King, Ross},
  journal={arXiv preprint arXiv:2305.02251},
  year={2023}
}

@article{North_Wikle_Schliep_2023,
  title={A {R}eview of {D}ata-{D}riven {D}iscovery for {D}ynamic {S}ystems},
  volume={91},
  ISSN={0306-7734},
  number={3},
  journal={International Statistical Review},
  author={North, Joshua S and Wikle, Christopher K and Schliep, Erin M},
  year={2023},
  pages={464--492}
}

@article{Oca_Cremades_Jimenez_Pintado_Masalo_2019,
  title={Culture of the seaweed {U}lva ohnoi integrated in a {S}olea senegalensis recirculating system: influence of light and biomass stocking density on macroalgae productivity},
  volume={31},
  ISSN={0921-8971},
  DOI={10.1007/s10811-019-01767-z},
  number={4},
  journal={Journal of Applied Phycology},
  author={Oca, Joan and Cremades, Javier and Jim\'enez, Patricia and Pintado, Jos\'e and Masal\'o, Ingrid},
  year={2019},
  month=aug,
  pages={2461--2467}
}

@article{Plaganyi_Ellis_Blamey_Morello_Norman-Lopez_Robinson_Sporcic_Sweatman_2014,
  title={Ecosystem modelling provides clues to understanding ecological tipping points},
  volume={512},
  ISSN={0171-8630},
  DOI={10.3354/meps10909},
  journal={Marine Ecology Progress Series},
  author={Plag\'anyi, \'Eva and Ellis, N and Blamey, Lk and Morello, Eb and Norman-Lopez, A and Robinson, W and Sporcic, M and Sweatman, H},
  year={2014},
  month=oct,
  pages={99--113}
}

@article{keck2025extracting,
  title={Extracting massive ecological data on state and interactions of species using large language models},
  author={Keck, Francois and Broadbent, Henry and Altermatt, Florian},
  journal={bioRxiv},
  pages={2025--01},
  year={2025},
  publisher={Cold Spring Harbor Laboratory}
}

@article{spillias2024evaluating,
  title={Evaluating Generative AI to Extract Qualitative Data from Peer-Reviewed Documents},
  author={Spillias, Scott and Ollerhead, Katherine and Andreotta, Matthew and Annand-Jones, Ruby and Boschetti, Fabio and Duggan, Joseph and Karcher, Denis and Paris, Cecile and Shellock, Rebecca and Trebilco, Rowan},
  year={2024}
}

@article{Plaganyi_2007,
  title={Models for an ecosystem approach to fisheries},
  ISSN={9251057346},
  publisher={Food \& Agriculture Org.},
  author={Plag\'anyi, \'Eva E},
  year={2007}
}

@article{Plaganyi_Punt_Hillary_Morello_Thebaud_Hutton_Pillans_Thorson_Fulton_Smith_et_al_2014,
  title={Multispecies fisheries management and conservation: tactical applications using models of intermediate complexity},
  volume={15},
  ISSN={1467-2960},
  DOI={10.1111/j.1467-2979.2012.00488.x},
  journal={Fish and Fisheries},
  author={Plag\'anyi, \'Eva E and Punt, Andr\'e E and Hillary, Richard and Morello, Elisabetta B and Th\'ebaud, Olivier and Hutton, Trevor and Pillans, Richard D and Thorson, James T and Fulton, Elizabeth A and Smith, Anthony D M and Smith, Franz and Bayliss, Peter and Haywood, Michael and Lyne, Vincent and Rothlisberg, Peter C},
  year={2014},
  month=mar,
  pages={1--22}
}

@article{Pratchett_Caballes_Wilmes_Matthews_Mellin_Sweatman_Nadler_Brodie_Thompson_Hoey_et_al_2017,
  title={Thirty {Y}ears of {R}esearch on {C}rown-of-{T}horns {S}tarfish (1986--2016): {S}cientific {A}dvances and {E}merging {O}pportunities},
  volume={9},
  ISSN={1424-2818},
  DOI={10.3390/d9040041},
  journal={Diversity},
  author={Pratchett, Morgan and Caballes, Ciemon and Wilmes, Jennifer and Matthews, Samuel and Mellin, Camille and Sweatman, Hugh and Nadler, Lauren and Brodie, Jon and Thompson, Cassandra and Hoey, Jessica and Bos, Arthur and Byrne, Maria and Messmer, Vanessa and Fortunato, Sofia and Chen, Carla and Buck, Alexander and Babcock, Russell and Uthicke, Sven},
  year={2017},
  month=sep,
  pages={41}
}

@article{Punt_MacCall_Essington_Francis_Hurtado-Ferro_Johnson_Kaplan_Koehn_Levin_Sydeman_2016,
  title={Exploring the implications of the harvest control rule for {P}acific sardine, accounting for predator dynamics: {A} {MICE} model},
  volume={337},
  ISSN={03043800},
  DOI={10.1016/j.ecolmodel.2016.06.004},
  journal={Ecological Modelling},
  author={Punt, Andr\'e E and MacCall, Alec D and Essington, Timothy E and Francis, Tessa B and Hurtado-Ferro, Felipe and Johnson, Kelli F and Kaplan, Isaac C and Koehn, Laura E and Levin, Phillip S and Sydeman, William J},
  year={2016},
  month=oct,
  pages={79--95}
}


@article{Rath2024,
  title={Discovering {M}odel {S}tructure of {D}ynamical {S}ystems with {C}ombinatorial {B}ayesian {O}ptimization},
  author={Rath, Lucas},
  journal={Transactions on Machine Learning Research},
  year={2024}
}

@article{Rogers_Plaganyi_2022,
  title={Culling corallivores improves short-term coral recovery under bleaching scenarios},
  volume={13},
  ISSN={2041-1723},
  DOI={10.1038/s41467-022-30213-x},
  journal={Nature Communications},
  author={Rogers, Jacob G D and Plag\'anyi, \'Eva E},
  year={2022},
  month=may,
  pages={2520}
}

@article{Schaeffer_2017,
  title={Learning partial differential equations via data discovery and sparse optimization},
  volume={473},
  ISSN={1364-5021},
  DOI={10.1098/rspa.2016.0446},
  journal={Proceedings of the Royal Society A},
  author={Schaeffer, Hayden},
  year={2017},
  month=jan,
  pages={20160446}
}

@article{Silva_De_Souza_Vacavant_Bouwmans_Sobral_2021,
  title={Automated {M}athematical {E}quation {S}tructure {D}iscovery for {V}isual {A}nalysis},
  journal={arXiv preprint arXiv:2104.08633},
  author={Silva, Caroline Pacheco do Esp\'irito and De Souza, Jos\'e A M Felippe and Vacavant, Antoine and Bouwmans, Thierry and Sobral, Andrews Cordolino},
  year={2021},
  month=apr
}

@article{Spillias_Cottrell_2024,
  title={Having our kelp and eating it too: {M}inimizing trade-offs from seaweed farming},
  volume={448},
  ISSN={09596526},
  DOI={10.1016/j.jclepro.2024.141150},
  journal={Journal of Cleaner Production},
  author={Spillias, Scott and Cottrell, Richard S and Layton, Cayne and O'Brien, Katherine R and McDonald-Madden, Eve},
  year={2024},
  month=apr,
  pages={141150}
}

@article{zhang2024large,
  title={Large language models for time series: {A} survey},
  author={Zhang, Xiyuan and Chowdhury, Ranak Roy and Gupta, Rajesh K and Shang, Jingbo},
  journal={arXiv preprint arXiv:2402.01801},
  year={2024}
}

@article{su2024large,
  title={Large language models for forecasting and anomaly detection: {A} systematic literature review},
  author={Su, Jing and Jiang, Chufeng and Jin, Xin and Qiao, Yuxin and Xiao, Tingsong and Ma, Hongda and Wei, Rong and Jing, Zhi and Xu, Jiajun and Lin, Junhong},
  journal={arXiv preprint arXiv:2402.10350},
  year={2024}
}

@article{morello2014model,
  title={Model to manage and reduce crown-of-thorns starfish outbreaks},
  author={Morello, Elisabetta B and Plag\'anyi, \'Eva E and Babcock, Russell C and Sweatman, Hugh and Hillary, Richard and Punt, Andr\'e E},
  journal={Marine Ecology Progress Series},
  volume={512},
  pages={167--183},
  year={2014}
}

@article{Holden2016,
  title={Prediction in ecology: a first-principles framework},
  author={Holden, Philip B and Ellner, Stephen P},
  journal={Ecological Monographs},
  volume={86},
  number={3},
  pages={303--319},
  year={2016},
  publisher={Wiley Online Library}
}

@article{Stewart2012,
  title={A retrospective on the collapse of the northern cod},
  author={Stewart, Christine},
  journal={Ecology and Society},
  volume={17},
  number={4},
  year={2012},
  publisher={Resilience Alliance Inc.}
}

@article{Walters1996,
  title={Lessons for stock assessment from the northern cod collapse},
  author={Walters, Carl and Maguire, Jean-Jacques},
  journal={Reviews in Fish Biology and Fisheries},
  volume={6},
  number={2},
  pages={125--137},
  year={1996},
  publisher={Springer}
}

@article{Geary2020,
  title={A guide to ecosystem models and their environmental applications},
  author={Geary, William L and Bode, Michael and Doherty, Tim S and Fulton, Elizabeth A and Nimmo, Dale G and Tulloch, Ayesha IT and Tulloch, Vivitskaia JD and Ritchie, Euan G},
  journal={Nature Ecology \& Evolution},
  volume={4},
  number={11},
  pages={1459--1471},
  year={2020},
  publisher={Nature Publishing Group}
}

@article{Skern-Mauritzen2016,
  title={Ecosystem processes are rarely included in tactical fisheries management},
  author={Skern-Mauritzen, Mette and Ottersen, Geir and Handegard, Nils Olav and Huse, Geir and Dings\o r, Gjert E and Stenseth, Nils Chr and Kjesbu, Olav Sigurd},
  journal={Fish and Fisheries},
  volume={17},
  number={1},
  pages={165--175},
  year={2016},
  publisher={Wiley Online Library}
}

@article{Karp2023,
  title={Accounting for shifting distributions and changing productivity in the development of scientific advice for fishery management},
  author={Karp, Melissa A and Peterson, Jay O and Lynch, Patrick D and Griffis, Roger B and Adams, Charles F and Arnold, Bill and Barnett, Lewis AK and deReynier, Yvonne and DiCosimo, Jane and Fenske, Kari H and others},
  journal={ICES Journal of Marine Science},
  volume={80},
  number={1},
  pages={186--197},
  year={2023},
  publisher={Oxford University Press}
}

@article{Szuwalski2016,
  title={Climate change and the future productivity and distribution of marine fish},
  author={Szuwalski, Cody S and Hollowed, Anne B},
  journal={Nature Climate Change},
  volume={6},
  number={10},
  pages={969--976},
  year={2016},
  publisher={Nature Publishing Group}
}

@article{Thorson2019,
  title={Guidance for decisions using the {V}ector {A}utoregressive {S}patio-{T}emporal ({VAST}) package in stock, ecosystem, habitat and climate assessments},
  author={Thorson, James T},
  journal={Fisheries Research},
  volume={210},
  pages={143--161},
  year={2019},
  publisher={Elsevier}
}

@article{Plaganyi2014,
  title={Models of intermediate complexity for ecosystem assessment},
  author={Plag\'anyi, \'Eva E and Punt, Andr\'e E and Hillary, Richard and Morello, Elisabetta B and Th\'ebaud, Olivier and Hutton, Trevor and Pillans, Richard D and Thorson, James T and Fulton, Elizabeth A and Smith, Anthony DM and others},
  journal={Fish and Fisheries},
  volume={15},
  number={1},
  pages={1--22},
  year={2014},
  publisher={Wiley Online Library}
}

@article{Fulton2003,
  title={Effect of complexity on marine ecosystem models},
  author={Fulton, Elizabeth A and Smith, Anthony DM and Johnson, Craig R},
  journal={Marine Ecology Progress Series},
  volume={253},
  pages={1--16},
  year={2003},
  publisher={Inter-Research Science Center}
}

@article{Dichmont2017,
  title={From data rich to data-limited harvest strategies---does more data mean better management?},
  author={Dichmont, Catherine M and Deng, Roy A and Punt, Andr\'e E and Brodziak, Jon and Chang, Yi-Jay and Cope, Jason M and Ianelli, James N and Legault, Christopher M and Methot Jr, Richard D and Porch, Clay E and others},
  journal={ICES Journal of Marine Science},
  volume={74},
  number={3},
  pages={670--686},
  year={2017},
  publisher={Oxford University Press}
}

@article{Castonguay2023,
  title={Navigating sustainability trade-offs in global beef production},
  author={Castonguay, Adrien C and Polasky, Stephen H and Holden, Matthew H and Herrero, Mario and Mason-D'Croz, Daniel and Godde, C\'ecile and Chang, Jinfeng and Gerber, James S and Witt, Graham B and Game, Edward T A and Bryan, Brett A and Wintle, Brendan and Lee, Kye and Bal, Payal and McDonald-Madden, Eve},
  journal={Nature Sustainability},
  volume={6},
  number={3},
  pages={284--294},
  year={2023},
  publisher={Nature Publishing Group}
}

@article{Timms2024,
  title={Optimizing protected area expansion and enforcement to conserve exploited species},
  author={Timms, Lucas and Holden, Matthew H},
  journal={Biological Conservation},
  volume={290},
  pages={110463},
  year={2024},
  publisher={Elsevier}
}

@article{Erm2023,
  title={The biodiversity benefits of marine protected areas in well-regulated fisheries},
  author={Erm, Philip and Balmford, Andrew and Holden, Matthew H},
  journal={Biological Conservation},
  volume={284},
  pages={110049},
  year={2023},
  publisher={Elsevier}
}

@article{Boettiger2022,
  title={The forecast trap},
  author={Boettiger, Carl},
  journal={Ecology Letters},
  volume={25},
  number={7},
  pages={1655--1664},
  year={2022},
  publisher={Wiley Online Library}
}

@article{Puy2022,
  title={Models with higher effective dimensions tend to produce more uncertain estimates},
  author={Puy, Arnald and Beneventano, Piano and Levin, Simon A and Piano, Samuele L and Portaluri, Tommaso and Saltelli, Andrea},
  journal={Science Advances},
  volume={8},
  number={42},
  pages={9450},
  year={2022},
  publisher={American Association for the Advancement of Science}
}

@article{Mildenberger2022,
  title={Implementing the precautionary approach into fisheries management: {B}iomass reference points and uncertainty buffers},
  author={Mildenberger, Tobias K and Berg, Casper W and Kokkalis, Alexandros and Hordyk, Adrian R and Wetzel, Chantel and Jacobsen, Nis S and Punt, Andr\'e E and Nielsen, J Rasmus},
  journal={Fish and Fisheries},
  volume={23},
  number={1},
  pages={73--92},
  year={2022},
  publisher={Wiley Online Library}
}

@article{Punt2020,
  title={Essential features of the next-generation integrated fisheries stock assessment package: {A} perspective},
  author={Punt, Andr\'e E and Dunn, Alistair and Elvarsson, Bjarki {\Th}\'or and Hampton, John and Hoyle, Simon D and Maunder, Mark N and Methot, Richard D and Nielsen, Anders},
  journal={Fisheries Research},
  volume={229},
  pages={105617},
  year={2020},
  publisher={Elsevier}
}

@article{Xu2021,
  title={Artificial intelligence: {A} powerful paradigm for scientific research},
  author={Xu, Y and Liu, Xin and Cao, X and Huang, C and Liu, E and Qian, S and Liu, Xingchen and Wu, Y and Dong, F and Qiu, C-W},
  journal={The Innovation},
  volume={2},
  number={2},
  pages={100179},
  year={2021},
  publisher={Elsevier}
}

@techreport{TheRoyalSociety2024,
  title={Science in the age of {AI}: {H}ow artificial intelligence is changing the nature and method of scientific research},
  author={{The Royal Society}},
  year={2024},
  institution={The Royal Society},
  type={Report}
}

@article{Spillias2024,
  title={The {F}uture of {A}rtificial {I}ntelligence in {E}cosystem {M}odelling},
  author={Spillias, Scott and Adams, Matthew and Boschetti, Fabio and Constable, Andrew and Dunstan, Piers and Ferrier, Simon and Porobic, Javier and Gorton, Bec and Grimberg, Einat and Grigg, Nicky and Harfoot, Mike and Hirsch, Pascal and Hobday, Alistair J and Holden, Matthew and Hutton, Trevor and Kaur, Sarah and Melbourne-Thomas, Jess and Paris, C\'ecile and Parker, Denham and Plag\'anyi-Lloyd, \'Eva and Rogers, Jacob G D and Stitzlein, Cara and Trebilco, Rowan and Weiley, Viveka and Wild-Allen, Karen and Woolley, Skipton N C and Fulton, Elizabeth A},
  journal={Manuscript in preparation},
  year={2024}
}

@article{Holden2024b,
  title={Cost--benefit analysis of ecosystem modeling to support fisheries management},
  author={Holden, Matthew H and Plag\'anyi, \'Eva E and Fulton, Elizabeth A and Campbell, Alexander B and Janes, Robert and Lovett, Richard A and Wickens, Megan and Adams, Matthew P and Botelho, Lara L and Dichmont, Catherine M and Erm, Philip and Helmstedt, Kate J and Heneghan, Ryan F and Mendiolar, Myrkayla and Richardson, Anthony J and Rogers, Jacob G D and Saunders, Kylie and Timms, Lucas},
  journal={Journal of Fish Biology},
  volume={104},
  number={6},
  pages={1667--1674},
  year={2024},
  publisher={Wiley Online Library}
}

@misc{bylund2024chatgpt,
  title={{ChatGPT} for {T}ime {S}eries {P}redictions},
  author={Bylund, David and Johansson, Viktor},
  year={2024}
}

@article{vollert2024unlocking,
  title={Unlocking ensemble ecosystem modelling for large and complex networks},
  author={Vollert, Sarah A and Drovandi, Christopher and Adams, Matthew P},
  journal={PLoS Computational Biology},
  volume={20},
  number={3},
  pages={e1011976},
  year={2024},
  publisher={Public Library of Science San Francisco, CA USA}
}

@article{gaardmark2013biological,
  title={Biological ensemble modeling to evaluate potential futures of living marine resources},
  author={G{\aa}rdmark, Anna and Lindegren, Martin and Neuenfeldt, Stefan and Blenckner, Thorsten and Heikinheimo, Outi and M{\"u}ller-Karulis, B{\"a}rbel and Niiranen, Susa and Tomczak, Maciej T and Aro, Eero and Wikstr{\"o}m, Anders and others},
  journal={Ecological applications},
  volume={23},
  number={4},
  pages={742--754},
  year={2013},
  publisher={Wiley Online Library}
}

@article{baker2017ensemble,
  title={Ensemble ecosystem modeling for predicting ecosystem response to predator reintroduction},
  author={Baker, Christopher M and Gordon, Ascelin and Bode, Michael},
  journal={Conservation Biology},
  volume={31},
  number={2},
  pages={376--384},
  year={2017},
  publisher={Wiley Online Library}
}

@article{morales2024developing,
  title={Developing time series forecasting models with generative large language models},
  author={Morales-Garc\'ia, Juan and Llanes, Antonio and Arcas-T\'unez, Francisco and Terroso-S\'aenz, Fernando},
  journal={ACM Transactions on Intelligent Systems and Technology},
  year={2024},
  publisher={ACM New York, NY}
}

@article{hassani2024predictions,
  title={Predictions from {G}enerative {A}rtificial {I}ntelligence {M}odels: {T}owards a {N}ew {B}enchmark in {F}orecasting {P}ractice},
  author={Hassani, Hossein and Silva, Emmanuel Sirimal},
  journal={Information},
  volume={15},
  number={6},
  pages={291},
  year={2024},
  publisher={MDPI}
}

@article{gandhi2024generative,
  title={Generative {AI}-driven forecasting of oil production},
  author={Gandhi, Yash and Zheng, Kexin and Jha, Birendra and Nomura, Ken-ichi and Nakano, Aiichiro and Vashishta, Priya and Kalia, Rajiv K},
  journal={arXiv preprint arXiv:2409.16482},
  year={2024}
}

@software{gauthier2024aider,
  title={Aider: {AI} pair programming in your terminal},
  author={Gauthier, Paul},
  year={2024},
  url={https://github.com/aider-ai/aider},
  version={0.74.3.dev31+g86175a18}
}

@article{burger2023autonomous,
  title={Autonomous chemical research with large language models},
  author={Burger, Bernd and Kunkel, Philipp and Koopman, Robert and Bickelhaupt, F Matthias and Schl\"uter, Florian and Schwab, Pascal},
  journal={Nature},
  volume={624},
  pages={505--512},
  year={2023},
  publisher={Nature Publishing Group}
}

@article{wang2024bioresearcher,
  title={{BioResearcher}: {A}utomating {B}iomedical {R}esearch via {L}arge {L}anguage {M}odels},
  author={Wang, Zhi and Zhang, Yue and Zhao, Yizhou and Chen, Yixin and Li, Ping},
  journal={arXiv preprint arXiv:2412.09429},
  year={2024}
}

@article{floryan2022data,
  title={Data-driven discovery of intrinsic dynamics},
  author={Floryan, Daniel and Graham, Michael D},
  journal={Nature Machine Intelligence},
  volume={4},
  pages={1113--1120},
  year={2022},
  publisher={Nature Publishing Group},
  doi={10.1038/s42256-022-00575-4}
}

@article{karniadakis2021physics,
  title={Physics-informed machine learning},
  author={Karniadakis, George Em and Kevrekidis, Ioannis G and Lu, Lu and Perdikaris, Paris and Wang, Sifan and Yang, Liu},
  journal={Nature Reviews Physics},
  volume={3},
  pages={422--440},
  year={2021},
  publisher={Nature Publishing Group},
  doi={10.1038/s42254-021-00314-5}
}

@article{chen2024constructing,
  title={Constructing custom thermodynamics using deep learning},
  author={Chen, Xiaoyu and Soh, Boon Wooi and Ooi, Zi En and others},
  journal={Nature Computational Science},
  volume={4},
  pages={66--85},
  year={2024},
  publisher={Nature Publishing Group},
  doi={10.1038/s43588-023-00581-5}
}

@article{lubiana2025calibrated,
  title={Calibrated Ecosystem Models Cannot Predict the Consequences of Conservation Management Decisions},
  author={Lubiana Botelho, Larissa and Jeynes-Smith, Cailan and Vollert, Sarah A and Bode, Michael},
  journal={Ecology Letters},
  volume={28},
  number={1},
  pages={e70034},
  year={2025},
  publisher={Wiley Online Library}
}

@article{adams2017model,
  title={Model fit versus biological relevance: Evaluating photosynthesis-temperature models for three tropical seagrass species},
  author={Adams, Matthew P and Collier, Catherine J and Uthicke, Sven and Ow, Yan X and Langlois, Lucas and O’Brien, Katherine R},
  journal={Scientific reports},
  volume={7},
  number={1},
  pages={39930},
  year={2017},
  publisher={Nature Publishing Group UK London}
}

@article{plaganyi2020ecological,
  title={Ecological analyses to inform management targets for the culling of crown-of-thorns starfish to prevent coral decline},
  author={Plag{\'a}nyi, {\'E}va E and Babcock, Russell C and Rogers, Jacob and Bonin, Mary and Morello, E Bee},
  journal={Coral Reefs},
  volume={39},
  number={5},
  pages={1483--1499},
  year={2020},
  publisher={Springer}
}

@article{rogers2024validating,
  title={Validating effectiveness of crown-of-thorns starfish control thresholds to limit coral loss throughout the Great Barrier Reef},
  author={Rogers, Jacob GD and Plag{\'a}nyi, {\'E}va E and Blamey, Laura K and Desbiens, Amelia A},
  journal={Coral Reefs},
  pages={1--16},
  year={2024},
  publisher={Springer}
}

@article{rogers2023improving,
  title={Improving coral cover using an integrated pest management framework},
  author={Rogers, Jacob GD and Plag{\'a}nyi, {\'E}va E and Babcock, Russell C and Fletcher, Cameron S and Westcott, David A},
  journal={Ecological Applications},
  volume={33},
  number={8},
  pages={e2913},
  year={2023},
  publisher={Wiley Online Library}
}
